
@inproceedings{tso2013glasgow,
  title={{The Glasgow Raspberry Pi Cloud: A Scale Model for Cloud Computing Infrastructures}},
  author={Tso, F. and White, David R. and Jouet, Simon and Singer, Jeremy and Pezaros, Dimitrios},
  booktitle={Proceedings of the International Workshop on Resource Management of Cloud Computing},
  year={2013},
  url = {http://dx.doi.org/10.1109/ICDCSW.2013.25},
}

@inproceedings{yoneki2014raspinet,
 author = {Yoneki, Eiko},
 title = {Demo: RasPiNET: Decentralised Communication and Sensing Platform with Satellite Connectivity},
 booktitle = {Proceedings of the 9th ACM MobiCom Workshop on Challenged Networks},
 year = {2014},
 pages = {81--84},
 url = {http://doi.acm.org/10.1145/2645672.2645691},
} 

@article{cox2014iridis,
 year={2014},
 journal={Cluster Computing},
 volume={17},
 number={2},
 title={Iridis-pi: a low-cost, compact demonstration cluster},
 url={http://dx.doi.org/10.1007/s10586-013-0282-7},
 author={Cox, Simon J. and Cox, James T. and Boardman, Richard P. and Johnston, Steven J. and Scott, Mark and O'Brien, Neil S.},
pages={349--358},
}


